@article{montanari2013understanding,
  author = {Montanari, Alberto and Di Baldassarre, Giuliano and Blöschl, Günter and Sivapalan, Murugesu and Toth, Elena and Wagener, Thorsten and Gupta, Hoshin},
  title = {“Panta Rhei—Everything Flows”: Change in hydrology and society—The IAHS Scientific Decade 2013–2022},
  journal = {Hydrological Sciences Journal},
  volume = {58},
  number = {6},
  pages = {1256--1275},
  year = {2013},
  doi = {10.1080/02626667.2013.809088}
}

@article{sivapalan2012sociohydrology,
  author = {Sivapalan, Murugesu and Savenije, Hubert H.G. and Blöschl, Günter},
  title = {Socio-hydrology: A new science of people and water},
  journal = {Hydrological Processes},
  volume = {26},
  number = {8},
  pages = {1270--1276},
  year = {2012},
  doi = {10.1002/hyp.8426}
}

@article{wagener2007catchment,
  author = {Wagener, Thorsten and Sivapalan, Murugesu and Troch, Petra A. and Woods, Ross},
  title = {Catchment classification and hydrologic similarity},
  journal = {Geography Compass},
  volume = {1},
  number = {4},
  pages = {901--931},
  year = {2007},
  doi = {10.1111/j.1749-8198.2007.00039.x}
}

@article{kantz2004nonlinear,
  author = {Kantz, Holger and Schreiber, Thomas},
  title = {Nonlinear Time Series Analysis},
  publisher = {Cambridge University Press},
  year = {2004},
  edition = {2},
  doi = {10.1017/CBO9780511755798}
}

@article{wolf1985determining,
  author = {Wolf, Alan and Swift, Jack B. and Swinney, Harry L. and Vastano, John A.},
  title = {Determining Lyapunov exponents from a time series},
  journal = {Physica D: Nonlinear Phenomena},
  volume = {16},
  number = {3},
  pages = {285--317},
  year = {1985},
  doi = {10.1016/0167-2789(85)90011-9}
}

@article{ghil2002advanced,
  author = {Ghil, Michael and Yiou, Pascal et al.},
  title = {Advanced spectral methods for climatic time series},
  journal = {Reviews of Geophysics},
  volume = {40},
  number = {1},
  pages = {3-1--3-41},
  year = {2002},
  doi = {10.1029/2000RG000092}
}

@article{sugihara2012detecting,
  author = {Sugihara, George et al.},
  title = {Detecting causality in complex ecosystems},
  journal = {Science},
  volume = {338},
  number = {6106},
  pages = {496--500},
  year = {2012},
  doi = {10.1126/science.1227079}
}

@article{sawicz2011catchment,
  author = {Sawicz, Keith and Wagener, Thorsten and Sivapalan, Murugesu and Troch, Peter A. and Carrillo, Guido},
  title = {Catchment classification: empirical analysis of hydrologic similarity based on catchment function in the eastern USA},
  journal = {Hydrology and Earth System Sciences},
  volume = {15},
  number = {9},
  pages = {2895--2911},
  year = {2011},
  doi = {10.5194/hess-15-2895-2011}
}

@article{wang2021nonlinear,
  author = {Wang, Hao and Chu, Xuefeng and Zhang, Qian and Wang, Yushi and Wang, Yaping},
  title = {Stochastic Volatility Modeling of Daily Streamflow Time Series},
  journal = {Water Resources Research},
  volume = {57},
  number = {6},
  pages = {e2021WR031662},
  year = {2021},
  doi = {10.1029/2021WR031662}
}

@article{krakovska2019causality,
  author = {Krakovská, Anna},
  title = {Correlation Dimension Detects Causal Links in Coupled Dynamical Systems},
  journal = {Entropy},
  volume = {21},
  number = {8},
  pages = {775},
  year = {2019},
  doi = {10.3390/e21080775}
}

@book{elsner2009singular,
  author = {Elsner, James B. and Tsonis, Anastasios A.},
  title = {Singular Spectrum Analysis: A New Tool in Time Series Analysis},
  publisher = {Springer US},
  year = {1996},
  doi = {10.1007/978-1-4757-2514-8}
}


@article{ye2015distinguishing,
  author = {Ye, Hao and Deyle, Ethan R. and Gilarranz, Luis J. and Sugihara, George},
  title = {Distinguishing time-delayed causal interactions using convergent cross mapping},
  journal = {Scientific Reports},
  volume = {5},
  pages = {14750},
  year = {2015},
  doi = {10.1038/srep14750}
}